/Users/terrex/Documents/MendeleyBibtex/pfc-sent-anal-mov-rev.bib