%% This BibTeX bibliography file was created using BibDesk.
%% http://bibdesk.sourceforge.net/


%% Created for terrex at 2014-11-17 17:41:37 +0100 


%% Saved with string encoding Unicode (UTF-8) 



@electronic{word2vec,
	Author = {{Google, Inc.}},
	Date-Added = {2014-10-07 16:22:54 +0000},
	Date-Modified = {2014-10-07 16:23:55 +0000},
	Title = {word2vec - Tool for computing continuous distributed representations of words. - Google Project Hosting},
	Url = {https://code.google.com/p/word2vec/},
	Urldate = {2014-10-07},
	Bdsk-Url-1 = {https://code.google.com/p/word2vec/}}

@inproceedings{Turian2010,
	Abstract = {If we take an existing supervised {NLP} system, a simple and general way to improve accuracy is to use unsupervised word representations as extra word features. We evaluate Brown clusters, Collobert and Weston (2008) embeddings, and {HLBL} (Mnih \& Hinton, 2009) embeddings of words on both {NER} and chunking. We use near state-of-the-art supervised baselines, and find that each of the three word representations improves the accuracy of these baselines. We find further improvements by combining different word representations. You can download our word features, for off-the-shelf use in existing {NLP} systems, as well as our code, here: http://metaoptimize.com/projects/wordreprs/},
	Author = {Turian, Joseph and Ratinov, Lev and Bengio, Yoshua},
	Booktitle = {Proceedings of the 48th Annual Meeting of the Association for Computational Linguistics},
	Date-Added = {2014-10-02 16:14:14 +0000},
	Date-Modified = {2014-11-17 16:39:36 +0000},
	Isbn = {9781617388088},
	Pages = {384--394},
	Title = {{Word Representations: A Simple and General Method for Semi-supervised Learning}},
	Url = {http://www.iro.umontreal.ca/~lisa/pointeurs/turian-wordrepresentations-acl10.pdf},
	Year = {2010},
	Bdsk-File-1 = {YnBsaXN0MDDUAQIDBAUGJCVYJHZlcnNpb25YJG9iamVjdHNZJGFyY2hpdmVyVCR0b3ASAAGGoKgHCBMUFRYaIVUkbnVsbNMJCgsMDxJXTlMua2V5c1pOUy5vYmplY3RzViRjbGFzc6INDoACgAOiEBGABIAFgAdccmVsYXRpdmVQYXRoWWFsaWFzRGF0YV8QKlJlZmVyZW5jaWFzL1R1cmlhbjIwMTAtV29yZFJlcHJzU2ltcGxlLnBkZtIXCxgZV05TLmRhdGFPEQIGAAAAAAIGAAIAAAVVc2VycwAAAAAAAAAAAAAAAAAAAAAAAAAAAADQL5+ESCsAAAAX3ikeVHVyaWFuMjAxMC1Xb3JkUmVwcnNTaW1wbGUucGRmAAAAAAAAAAAAAAAAAAAAAAAAAAAAAAAAAAAAAAAAAAAAADF6iNBTRpsAAAAAAAAAAAABAAMAAAkAAAAAAAAAAAAAAAAAAAAAC1JlZmVyZW5jaWFzAAAQAAgAANAvg2QAAAARAAgAANBTKnsAAAABABQAF94pABfeIQAX3aQAFr4gAAAAcAACAGVVc2Vyczp0ZXJyZXg6AFByb2plY3RzOgBwZmMtc2VudC1hbmFsLW1vdmllLXJldjoAbWVtb3JpYToAUmVmZXJlbmNpYXM6AFR1cmlhbjIwMTAtV29yZFJlcHJzU2ltcGxlLnBkZgAADgA+AB4AVAB1AHIAaQBhAG4AMgAwADEAMAAtAFcAbwByAGQAUgBlAHAAcgBzAFMAaQBtAHAAbABlAC4AcABkAGYADwAMAAUAVQBzAGUAcgBzABIAWy90ZXJyZXgvUHJvamVjdHMvcGZjLXNlbnQtYW5hbC1tb3ZpZS1yZXYvbWVtb3JpYS9SZWZlcmVuY2lhcy9UdXJpYW4yMDEwLVdvcmRSZXByc1NpbXBsZS5wZGYAABMABi9Vc2VycwAVAAIADf//AACABtIbHB0eWiRjbGFzc25hbWVYJGNsYXNzZXNdTlNNdXRhYmxlRGF0YaMdHyBWTlNEYXRhWE5TT2JqZWN00hscIiNcTlNEaWN0aW9uYXJ5oiIgXxAPTlNLZXllZEFyY2hpdmVy0SYnVHJvb3SAAQAIABEAGgAjAC0AMgA3AEAARgBNAFUAYABnAGoAbABuAHEAcwB1AHcAhACOALsAwADIAtIC1ALZAuQC7QL7Av8DBgMPAxQDIQMkAzYDOQM+AAAAAAAAAgEAAAAAAAAAKAAAAAAAAAAAAAAAAAAAA0A=},
	Bdsk-Url-1 = {http://www.iro.umontreal.ca/~lisa/pointeurs/turian-wordrepresentations-acl10.pdf}}

@phdthesis{Socher2014,
	Address = {Computer Science Department},
	Author = {Richard Socher},
	Date-Added = {2014-10-02 15:18:34 +0000},
	Date-Modified = {2014-10-02 15:19:48 +0000},
	Month = {August},
	School = {Stanford University},
	Title = {Recursive Deep Learning for Natural Language Processing and Computer Vision},
	Url = {http://nlp.stanford.edu/~socherr/thesis.pdf},
	Urldate = {2014-10-02},
	Year = {2014},
	Bdsk-File-1 = {YnBsaXN0MDDUAQIDBAUGJCVYJHZlcnNpb25YJG9iamVjdHNZJGFyY2hpdmVyVCR0b3ASAAGGoKgHCBMUFRYaIVUkbnVsbNMJCgsMDxJXTlMua2V5c1pOUy5vYmplY3RzViRjbGFzc6INDoACgAOiEBGABIAFgAdccmVsYXRpdmVQYXRoWWFsaWFzRGF0YV8QJFJlZmVyZW5jaWFzL1NvY2hlcjIwMTQtUGhEVGhlc2lzLnBkZtIXCxgZV05TLmRhdGFPEQHuAAAAAAHuAAIAAAVVc2VycwAAAAAAAAAAAAAAAAAAAAAAAAAAAADQL5+ESCsAAAAX3ikYU29jaGVyMjAxNC1QaERUaGVzaXMucGRmAAAAAAAAAAAAAAAAAAAAAAAAAAAAAAAAAAAAAAAAAAAAAAAAAAAAADF0ltBTOP8AAAAAAAAAAAABAAMAAAkAAAAAAAAAAAAAAAAAAAAAC1JlZmVyZW5jaWFzAAAQAAgAANAvg2QAAAARAAgAANBTHN8AAAABABQAF94pABfeIQAX3aQAFr4gAAAAcAACAF9Vc2Vyczp0ZXJyZXg6AFByb2plY3RzOgBwZmMtc2VudC1hbmFsLW1vdmllLXJldjoAbWVtb3JpYToAUmVmZXJlbmNpYXM6AFNvY2hlcjIwMTQtUGhEVGhlc2lzLnBkZgAADgAyABgAUwBvAGMAaABlAHIAMgAwADEANAAtAFAAaABEAFQAaABlAHMAaQBzAC4AcABkAGYADwAMAAUAVQBzAGUAcgBzABIAVS90ZXJyZXgvUHJvamVjdHMvcGZjLXNlbnQtYW5hbC1tb3ZpZS1yZXYvbWVtb3JpYS9SZWZlcmVuY2lhcy9Tb2NoZXIyMDE0LVBoRFRoZXNpcy5wZGYAABMABi9Vc2VycwAVAAIADf//AACABtIbHB0eWiRjbGFzc25hbWVYJGNsYXNzZXNdTlNNdXRhYmxlRGF0YaMdHyBWTlNEYXRhWE5TT2JqZWN00hscIiNcTlNEaWN0aW9uYXJ5oiIgXxAPTlNLZXllZEFyY2hpdmVy0SYnVHJvb3SAAQAIABEAGgAjAC0AMgA3AEAARgBNAFUAYABnAGoAbABuAHEAcwB1AHcAhACOALUAugDCArQCtgK7AsYCzwLdAuEC6ALxAvYDAwMGAxgDGwMgAAAAAAAAAgEAAAAAAAAAKAAAAAAAAAAAAAAAAAAAAyI=},
	Bdsk-Url-1 = {http://nlp.stanford.edu/~socherr/thesis.pdf}}

@inproceedings{Socher2012,
	Acmid = {2391084},
	Address = {Stroudsburg, PA, USA},
	Author = {Socher, Richard and Huval, Brody and Manning, Christopher D. and Ng, Andrew Y.},
	Biburl = {http://www.bibsonomy.org/bibtex/2d232810c121c2b16f4dd5b541b0e50c7/dblp},
	Booktitle = {Proceedings of the 2012 Joint Conference on Empirical Methods in Natural Language Processing and Computational Natural Language Learning},
	Crossref = {conf/emnlp/2012},
	Date-Added = {2014-09-29 15:29:55 +0000},
	Date-Modified = {2014-11-17 16:33:43 +0000},
	Interhash = {19b292f766ca460a0cacf87aec92e8f1},
	Intrahash = {d232810c121c2b16f4dd5b541b0e50c7},
	Isbn = {978-1-937284-43-5},
	Location = {Jeju Island, Korea},
	Numpages = {11},
	Pages = {1201--1211},
	Publisher = {Association for Computational Linguistics},
	Series = {EMNLP-CoNLL '12},
	Title = {Semantic Compositionality Through Recursive Matrix-vector Spaces},
	Url = {http://dl.acm.org/citation.cfm?id=2391084},
	Year = {2012},
	Bdsk-File-1 = {YnBsaXN0MDDUAQIDBAUGJCVYJHZlcnNpb25YJG9iamVjdHNZJGFyY2hpdmVyVCR0b3ASAAGGoKgHCBMUFRYaIVUkbnVsbNMJCgsMDxJXTlMua2V5c1pOUy5vYmplY3RzViRjbGFzc6INDoACgAOiEBGABIAFgAdccmVsYXRpdmVQYXRoWWFsaWFzRGF0YV8QJ1JlZmVyZW5jaWFzL1NvY2hlcjIwMTItU2VtQ29tcFJlY01WLnBkZtIXCxgZV05TLmRhdGFPEQH4AAAAAAH4AAIAAAVVc2VycwAAAAAAAAAAAAAAAAAAAAAAAAAAAADQL5+ESCsAAAAX3ikbU29jaGVyMjAxMi1TZW1Db21wUmVjTVYucGRmAAAAAAAAAAAAAAAAAAAAAAAAAAAAAAAAAAAAAAAAAAAAAAAAADA7VtBPR7IAAAAAAAAAAAABAAMAAAkAAAAAAAAAAAAAAAAAAAAAC1JlZmVyZW5jaWFzAAAQAAgAANAvg2QAAAARAAgAANBPK5IAAAABABQAF94pABfeIQAX3aQAFr4gAAAAcAACAGJVc2Vyczp0ZXJyZXg6AFByb2plY3RzOgBwZmMtc2VudC1hbmFsLW1vdmllLXJldjoAbWVtb3JpYToAUmVmZXJlbmNpYXM6AFNvY2hlcjIwMTItU2VtQ29tcFJlY01WLnBkZgAOADgAGwBTAG8AYwBoAGUAcgAyADAAMQAyAC0AUwBlAG0AQwBvAG0AcABSAGUAYwBNAFYALgBwAGQAZgAPAAwABQBVAHMAZQByAHMAEgBYL3RlcnJleC9Qcm9qZWN0cy9wZmMtc2VudC1hbmFsLW1vdmllLXJldi9tZW1vcmlhL1JlZmVyZW5jaWFzL1NvY2hlcjIwMTItU2VtQ29tcFJlY01WLnBkZgATAAYvVXNlcnMAFQACAA3//wAAgAbSGxwdHlokY2xhc3NuYW1lWCRjbGFzc2VzXU5TTXV0YWJsZURhdGGjHR8gVk5TRGF0YVhOU09iamVjdNIbHCIjXE5TRGljdGlvbmFyeaIiIF8QD05TS2V5ZWRBcmNoaXZlctEmJ1Ryb290gAEACAARABoAIwAtADIANwBAAEYATQBVAGAAZwBqAGwAbgBxAHMAdQB3AIQAjgC4AL0AxQLBAsMCyALTAtwC6gLuAvUC/gMDAxADEwMlAygDLQAAAAAAAAIBAAAAAAAAACgAAAAAAAAAAAAAAAAAAAMv},
	Bdsk-Url-1 = {http://dl.acm.org/citation.cfm?id=2391084}}

@inproceedings{Socher2011b,
	Acmid = {2145450},
	Address = {Stroudsburg, PA, USA},
	Author = {Richard Socher and Jeffrey Pennington and Eric H. Huang and Andrew Y. Ng and Christopher D. Manning},
	Biburl = {http://dblp.uni-trier.de/rec/bib/conf/emnlp/SocherPHNM11},
	Booktitle = {Proceedings of the 2011 Conference on Empirical Methods in Natural Language Processing},
	Date-Added = {2014-09-29 15:25:14 +0000},
	Date-Modified = {2014-11-17 16:27:42 +0000},
	Isbn = {978-1-937284-11-4},
	Location = {Edinburgh, United Kingdom},
	Numpages = {11},
	Organization = {Association for Computational Linguistics},
	Pages = {151--161},
	Publisher = {Association for Computational Linguistics},
	Series = {EMNLP '11},
	Title = {Semi-supervised Recursive Autoencoders for Predicting Sentiment Distributions},
	Url = {http://www.aclweb.org/anthology/D11-1014},
	Year = {2011},
	Bdsk-File-1 = {YnBsaXN0MDDUAQIDBAUGJCVYJHZlcnNpb25YJG9iamVjdHNZJGFyY2hpdmVyVCR0b3ASAAGGoKgHCBMUFRYaIVUkbnVsbNMJCgsMDxJXTlMua2V5c1pOUy5vYmplY3RzViRjbGFzc6INDoACgAOiEBGABIAFgAdccmVsYXRpdmVQYXRoWWFsaWFzRGF0YV8QG1JlZmVyZW5jaWFzL1NvY2hlcjIwMTFiLnBkZtIXCxgZV05TLmRhdGFPEQHIAAAAAAHIAAIAAAVVc2VycwAAAAAAAAAAAAAAAAAAAAAAAAAAAADQL5+ESCsAAAAX3ikPU29jaGVyMjAxMWIucGRmAAAAAAAAAAAAAAAAAAAAAAAAAAAAAAAAAAAAAAAAAAAAAAAAAAAAAAAAAAAAAAAAADA6ndBPRpkAAAAAAAAAAAABAAMAAAkAAAAAAAAAAAAAAAAAAAAAC1JlZmVyZW5jaWFzAAAQAAgAANAvg2QAAAARAAgAANBPKnkAAAABABQAF94pABfeIQAX3aQAFr4gAAAAcAACAFZVc2Vyczp0ZXJyZXg6AFByb2plY3RzOgBwZmMtc2VudC1hbmFsLW1vdmllLXJldjoAbWVtb3JpYToAUmVmZXJlbmNpYXM6AFNvY2hlcjIwMTFiLnBkZgAOACAADwBTAG8AYwBoAGUAcgAyADAAMQAxAGIALgBwAGQAZgAPAAwABQBVAHMAZQByAHMAEgBML3RlcnJleC9Qcm9qZWN0cy9wZmMtc2VudC1hbmFsLW1vdmllLXJldi9tZW1vcmlhL1JlZmVyZW5jaWFzL1NvY2hlcjIwMTFiLnBkZgATAAYvVXNlcnMAFQACAA3//wAAgAbSGxwdHlokY2xhc3NuYW1lWCRjbGFzc2VzXU5TTXV0YWJsZURhdGGjHR8gVk5TRGF0YVhOU09iamVjdNIbHCIjXE5TRGljdGlvbmFyeaIiIF8QD05TS2V5ZWRBcmNoaXZlctEmJ1Ryb290gAEACAARABoAIwAtADIANwBAAEYATQBVAGAAZwBqAGwAbgBxAHMAdQB3AIQAjgCsALEAuQKFAocCjAKXAqACrgKyArkCwgLHAtQC1wLpAuwC8QAAAAAAAAIBAAAAAAAAACgAAAAAAAAAAAAAAAAAAALz},
	Bdsk-Url-1 = {http://dl.acm.org/citation.cfm?id=2145450}}

@inproceedings{Socher2011a,
	Address = {Computer Science Department, Stanford University},
	Author = {Socher, R. and Lin, C.C.-Y. and Ng, A.Y. and Manning, C.D.},
	Booktitle = {Proceedings of the 28th International Conference on Machine Learning, ICML 2011},
	Date-Added = {2014-09-29 15:16:59 +0000},
	Date-Modified = {2014-10-02 15:05:59 +0000},
	Pages = {129-136},
	Title = {Parsing natural scenes and natural language with recursive neural networks.},
	Url = {http://fur.ly/0/Socher2011},
	Urldate = {2014-09-29},
	Year = {2011},
	Bdsk-File-1 = {YnBsaXN0MDDUAQIDBAUGJCVYJHZlcnNpb25YJG9iamVjdHNZJGFyY2hpdmVyVCR0b3ASAAGGoKgHCBMUFRYaIVUkbnVsbNMJCgsMDxJXTlMua2V5c1pOUy5vYmplY3RzViRjbGFzc6INDoACgAOiEBGABIAFgAdccmVsYXRpdmVQYXRoWWFsaWFzRGF0YV8QG1JlZmVyZW5jaWFzL1NvY2hlcjIwMTFhLnBkZtIXCxgZV05TLmRhdGFPEQHIAAAAAAHIAAIAAAVVc2VycwAAAAAAAAAAAAAAAAAAAAAAAAAAAADQL5+ESCsAAAAX3ikPU29jaGVyMjAxMWEucGRmAAAAAAAAAAAAAAAAAAAAAAAAAAAAAAAAAAAAAAAAAAAAAAAAAAAAAAAAAAAAAAAAADA569BPRe4AAAAAAAAAAAABAAMAAAkAAAAAAAAAAAAAAAAAAAAAC1JlZmVyZW5jaWFzAAAQAAgAANAvg2QAAAARAAgAANBPKc4AAAABABQAF94pABfeIQAX3aQAFr4gAAAAcAACAFZVc2Vyczp0ZXJyZXg6AFByb2plY3RzOgBwZmMtc2VudC1hbmFsLW1vdmllLXJldjoAbWVtb3JpYToAUmVmZXJlbmNpYXM6AFNvY2hlcjIwMTFhLnBkZgAOACAADwBTAG8AYwBoAGUAcgAyADAAMQAxAGEALgBwAGQAZgAPAAwABQBVAHMAZQByAHMAEgBML3RlcnJleC9Qcm9qZWN0cy9wZmMtc2VudC1hbmFsLW1vdmllLXJldi9tZW1vcmlhL1JlZmVyZW5jaWFzL1NvY2hlcjIwMTFhLnBkZgATAAYvVXNlcnMAFQACAA3//wAAgAbSGxwdHlokY2xhc3NuYW1lWCRjbGFzc2VzXU5TTXV0YWJsZURhdGGjHR8gVk5TRGF0YVhOU09iamVjdNIbHCIjXE5TRGljdGlvbmFyeaIiIF8QD05TS2V5ZWRBcmNoaXZlctEmJ1Ryb290gAEACAARABoAIwAtADIANwBAAEYATQBVAGAAZwBqAGwAbgBxAHMAdQB3AIQAjgCsALEAuQKFAocCjAKXAqACrgKyArkCwgLHAtQC1wLpAuwC8QAAAAAAAAIBAAAAAAAAACgAAAAAAAAAAAAAAAAAAALz},
	Bdsk-Url-1 = {http://machinelearning.wustl.edu/mlpapers/paper_files/ICML2011Socher_125.pdf},
	Bdsk-Url-2 = {http://techtalks.tv/talks/54422/}}

@electronic{kivy,
	Author = {{kivy.org}},
	Date-Added = {2014-09-24 17:01:52 +0000},
	Date-Modified = {2014-09-24 17:03:46 +0000},
	Keywords = {Python},
	Title = {Kivy Documentation. Release 1.9.0-dev},
	Url = {http://kivy.org/docs/pdf/Kivy-latest.pdf},
	Urldate = {2014-09-24},
	Bdsk-File-1 = {YnBsaXN0MDDUAQIDBAUGJCVYJHZlcnNpb25YJG9iamVjdHNZJGFyY2hpdmVyVCR0b3ASAAGGoKgHCBMUFRYaIVUkbnVsbNMJCgsMDxJXTlMua2V5c1pOUy5vYmplY3RzViRjbGFzc6INDoACgAOiEBGABIAFgAdccmVsYXRpdmVQYXRoWWFsaWFzRGF0YV8QG1JlZmVyZW5jaWFzL0tpdnktbGF0ZXN0LnBkZtIXCxgZV05TLmRhdGFPEQHIAAAAAAHIAAIAAAVVc2VycwAAAAAAAAAAAAAAAAAAAAAAAAAAAADQL5+ESCsAAAAX3ikPS2l2eS1sYXRlc3QucGRmAAAAAAAAAAAAAAAAAAAAAAAAAAAAAAAAAAAAAAAAAAAAAAAAAAAAAAAAAAAAAAAAACuittBIxW8AAAAAAAAAAAABAAMAAAkAAAAAAAAAAAAAAAAAAAAAC1JlZmVyZW5jaWFzAAAQAAgAANAvg2QAAAARAAgAANBIqU8AAAABABQAF94pABfeIQAX3aQAFr4gAAAAcAACAFZVc2Vyczp0ZXJyZXg6AFByb2plY3RzOgBwZmMtc2VudC1hbmFsLW1vdmllLXJldjoAbWVtb3JpYToAUmVmZXJlbmNpYXM6AEtpdnktbGF0ZXN0LnBkZgAOACAADwBLAGkAdgB5AC0AbABhAHQAZQBzAHQALgBwAGQAZgAPAAwABQBVAHMAZQByAHMAEgBML3RlcnJleC9Qcm9qZWN0cy9wZmMtc2VudC1hbmFsLW1vdmllLXJldi9tZW1vcmlhL1JlZmVyZW5jaWFzL0tpdnktbGF0ZXN0LnBkZgATAAYvVXNlcnMAFQACAA3//wAAgAbSGxwdHlokY2xhc3NuYW1lWCRjbGFzc2VzXU5TTXV0YWJsZURhdGGjHR8gVk5TRGF0YVhOU09iamVjdNIbHCIjXE5TRGljdGlvbmFyeaIiIF8QD05TS2V5ZWRBcmNoaXZlctEmJ1Ryb290gAEACAARABoAIwAtADIANwBAAEYATQBVAGAAZwBqAGwAbgBxAHMAdQB3AIQAjgCsALEAuQKFAocCjAKXAqACrgKyArkCwgLHAtQC1wLpAuwC8QAAAAAAAAIBAAAAAAAAACgAAAAAAAAAAAAAAAAAAALz},
	Bdsk-Url-1 = {http://kivy.org/docs/pdf/Kivy-latest.pdf}}

@electronic{Gabilondo2011,
	Author = {Michael Gabilondo},
	Date-Added = {2014-09-22 15:20:54 +0000},
	Date-Modified = {2014-09-22 15:21:37 +0000},
	Title = {How to perform some common NLP tasks using NLTK},
	Url = {http://www.cs.ucf.edu/courses/cap5636/fall2011/nltk.pdf},
	Urldate = {2014-11-22},
	Bdsk-File-1 = {YnBsaXN0MDDUAQIDBAUGJCVYJHZlcnNpb25YJG9iamVjdHNZJGFyY2hpdmVyVCR0b3ASAAGGoKgHCBMUFRYaIVUkbnVsbNMJCgsMDxJXTlMua2V5c1pOUy5vYmplY3RzViRjbGFzc6INDoACgAOiEBGABIAFgAdccmVsYXRpdmVQYXRoWWFsaWFzRGF0YV8QK1JlZmVyZW5jaWFzL0dhYmlsb25kbzIwMTEtSG93dG9OTFBUYXNrcy5wZGbSFwsYGVdOUy5kYXRhTxECCAAAAAACCAACAAAFVXNlcnMAAAAAAAAAAAAAAAAAAAAAAAAAAAAA0C+fhEgrAAAAF94pH0dhYmlsb25kbzIwMTEtSG93dG9OTFBUYXNrcy5wZGYAAAAAAAAAAAAAAAAAAAAAAAAAAAAAAAAAAAAAAAAAAAAqUhPQRgrBAAAAAAAAAAAAAQADAAAJAAAAAAAAAAAAAAAAAAAAAAtSZWZlcmVuY2lhcwAAEAAIAADQL4NkAAAAEQAIAADQRe6hAAAAAQAUABfeKQAX3iEAF92kABa+IAAAAHAAAgBmVXNlcnM6dGVycmV4OgBQcm9qZWN0czoAcGZjLXNlbnQtYW5hbC1tb3ZpZS1yZXY6AG1lbW9yaWE6AFJlZmVyZW5jaWFzOgBHYWJpbG9uZG8yMDExLUhvd3RvTkxQVGFza3MucGRmAA4AQAAfAEcAYQBiAGkAbABvAG4AZABvADIAMAAxADEALQBIAG8AdwB0AG8ATgBMAFAAVABhAHMAawBzAC4AcABkAGYADwAMAAUAVQBzAGUAcgBzABIAXC90ZXJyZXgvUHJvamVjdHMvcGZjLXNlbnQtYW5hbC1tb3ZpZS1yZXYvbWVtb3JpYS9SZWZlcmVuY2lhcy9HYWJpbG9uZG8yMDExLUhvd3RvTkxQVGFza3MucGRmABMABi9Vc2VycwAVAAIADf//AACABtIbHB0eWiRjbGFzc25hbWVYJGNsYXNzZXNdTlNNdXRhYmxlRGF0YaMdHyBWTlNEYXRhWE5TT2JqZWN00hscIiNcTlNEaWN0aW9uYXJ5oiIgXxAPTlNLZXllZEFyY2hpdmVy0SYnVHJvb3SAAQAIABEAGgAjAC0AMgA3AEAARgBNAFUAYABnAGoAbABuAHEAcwB1AHcAhACOALwAwQDJAtUC1wLcAucC8AL+AwIDCQMSAxcDJAMnAzkDPANBAAAAAAAAAgEAAAAAAAAAKAAAAAAAAAAAAAAAAAAAA0M=},
	Bdsk-Url-1 = {http://www.cs.ucf.edu/courses/cap5636/fall2011/nltk.pdf}}

@electronic{wikipedia:curse-dimens,
	Author = {Wikipedia},
	Date-Added = {2014-09-21 09:58:43 +0000},
	Date-Modified = {2014-09-21 09:59:47 +0000},
	Title = {Curse of dimensionality},
	Url = {http://en.wikipedia.org/wiki/Curse_of_dimensionality},
	Urldate = {2014-09-21},
	Bdsk-Url-1 = {http://en.wikipedia.org/wiki/Curse_of_dimensionality}}

@electronic{wikipedia:Knn,
	Author = {Wikipedia},
	Date-Added = {2014-09-21 09:29:55 +0000},
	Date-Modified = {2014-09-21 09:31:16 +0000},
	Title = {k-nearest neighbors algorithm},
	Url = {http://en.wikipedia.org/wiki/K-nearest_neighbors_algorithm},
	Urldate = {2014-09-21},
	Bdsk-Url-1 = {http://en.wikipedia.org/wiki/K-nearest_neighbors_algorithm}}

@electronic{wikipedia:SVM,
	Author = {Wikipedia},
	Date-Added = {2014-09-19 20:04:26 +0000},
	Date-Modified = {2014-09-29 15:53:10 +0000},
	Title = {Support Vector Machine},
	Url = {http://en.wikipedia.org/wiki/Support_vector_machine},
	Urldate = {2014-09-11},
	Bdsk-Url-1 = {http://en.wikipedia.org/wiki/Support_vector_machine}}

@inproceedings{Gabrilovich2005,
	Abstract = {We enhance machine learning algorithms for text categorization with generated features based on domain-specific and common-sense knowledge. This knowledge is represented using publicly available ontologies that contain hundreds of thousands of concepts, such as the Open Directory; these ontologies are further enriched by several orders of magnitude through controlled Web crawling. Prior to text categorization, a feature generator analyzes the documents and maps them onto appropriate ontology concepts, which in turn induce a set of generated features that augment the standard bag of words. Feature generation is accomplished through contextual analysis of document text, implicitly performing word sense disambiguation. Coupled with the ability to generalize concepts using the ontology, this approach addresses the two main problems of natural language processing---synonymy and polysemy. Categorizing documents with the aid of knowledge-based features leverages information that cannot be deduced from the documents alone. Experimental results confirm improved performance, breaking through the plateau previously reached in the field.},
	Author = {Gabrilovich, Evgeniy and Markovitch, Shaul},
	Booktitle = {Proceedings of the Nineteenth International Joint Conference for Artificial Intelligence},
	Date-Added = {2014-09-10 18:03:27 +0000},
	Date-Modified = {2014-09-11 17:00:52 +0000},
	Keywords = {Common-Sense Knowledge,Feature Generation,Information Retrieval,Text Categorization},
	Pages = {1048--1053},
	Title = {{Feature Generation for Text Categorization Using World Knowledge}},
	Url = {http://www.cs.technion.ac.il/~shaulm/papers/pdf/Gabrilovich-Markovitch-ijcai2005.pdf},
	Urldate = {2014-11-09},
	Year = {2005},
	Bdsk-File-1 = {YnBsaXN0MDDUAQIDBAUGJCVYJHZlcnNpb25YJG9iamVjdHNZJGFyY2hpdmVyVCR0b3ASAAGGoKgHCBMUFRYaIVUkbnVsbNMJCgsMDxJXTlMua2V5c1pOUy5vYmplY3RzViRjbGFzc6INDoACgAOiEBGABIAFgAdccmVsYXRpdmVQYXRoWWFsaWFzRGF0YV8QMFJlZmVyZW5jaWFzL0dhYnJpbG92aWNoMjAwNS1GZWF0R2VuV29yZEtud2dlLnBkZtIXCxgZV05TLmRhdGFPEQIYAAAAAAIYAAIAAAVVc2VycwAAAAAAAAAAAAAAAAAAAAAAAAAAAADQL5+ESCsAAAAX3ikfR2Ficmlsb3ZpY2gyMDA1LUZlYXQjMUUwMjgwLnBkZgAAAAAAAAAAAAAAAAAAAAAAAAAAAAAAAAAAAAAAAAAAAB4CgNArvakAAAAAAAAAAAABAAMAAAkAAAAAAAAAAAAAAAAAAAAAC1JlZmVyZW5jaWFzAAAQAAgAANAvg2QAAAARAAgAANAroYkAAAABABQAF94pABfeIQAX3aQAFr4gAAAAcAACAGZVc2Vyczp0ZXJyZXg6AFByb2plY3RzOgBwZmMtc2VudC1hbmFsLW1vdmllLXJldjoAbWVtb3JpYToAUmVmZXJlbmNpYXM6AEdhYnJpbG92aWNoMjAwNS1GZWF0IzFFMDI4MC5wZGYADgBKACQARwBhAGIAcgBpAGwAbwB2AGkAYwBoADIAMAAwADUALQBGAGUAYQB0AEcAZQBuAFcAbwByAGQASwBuAHcAZwBlAC4AcABkAGYADwAMAAUAVQBzAGUAcgBzABIAYS90ZXJyZXgvUHJvamVjdHMvcGZjLXNlbnQtYW5hbC1tb3ZpZS1yZXYvbWVtb3JpYS9SZWZlcmVuY2lhcy9HYWJyaWxvdmljaDIwMDUtRmVhdEdlbldvcmRLbndnZS5wZGYAABMABi9Vc2VycwAVAAIADf//AACABtIbHB0eWiRjbGFzc25hbWVYJGNsYXNzZXNdTlNNdXRhYmxlRGF0YaMdHyBWTlNEYXRhWE5TT2JqZWN00hscIiNcTlNEaWN0aW9uYXJ5oiIgXxAPTlNLZXllZEFyY2hpdmVy0SYnVHJvb3SAAQAIABEAGgAjAC0AMgA3AEAARgBNAFUAYABnAGoAbABuAHEAcwB1AHcAhACOAMEAxgDOAuoC7ALxAvwDBQMTAxcDHgMnAywDOQM8A04DUQNWAAAAAAAAAgEAAAAAAAAAKAAAAAAAAAAAAAAAAAAAA1g=},
	Bdsk-Url-1 = {http://www.cs.technion.ac.il/~shaulm/papers/pdf/Gabrilovich-Markovitch-ijcai2005.pdf}}

@phdthesis{Bobrow1964,
	Abstract = {This paper describes a computer program which accepts and «understands» a comfortable, but restricted set of one natural language, English. Certain difficulties are inherent in this problem of making a machine «understand» English. Within the limited framework of the subject matter understood by the program, many of these problems are solved or circumvented. I shall describe these problems and my solutions, and point out those solutions which I feel have general applicability. I will also indicate which must be replaced by more general methods to be really useful, and give my ideas about what general solutions to these particular problems might entail.},
	Author = {Daniel G. Bobrow},
	Date-Added = {2014-09-10 16:43:23 +0000},
	Date-Modified = {2014-11-17 15:52:22 +0000},
	Doi = {1721.1/5922},
	Month = {March},
	School = {MIT},
	Title = {Natural Language Input for a Computer Problem Solving System},
	Url = {http://hdl.handle.net/1721.1/5922},
	Urldate = {2014-11-09},
	Year = {1964},
	Bdsk-File-1 = {YnBsaXN0MDDUAQIDBAUGJCVYJHZlcnNpb25YJG9iamVjdHNZJGFyY2hpdmVyVCR0b3ASAAGGoKgHCBMUFRYaIVUkbnVsbNMJCgsMDxJXTlMua2V5c1pOUy5vYmplY3RzViRjbGFzc6INDoACgAOiEBGABIAFgAdccmVsYXRpdmVQYXRoWWFsaWFzRGF0YV8QJFJlZmVyZW5jaWFzL0JvYnJvdzE5NjQtUGhEVGhlc2lzLnBkZtIXCxgZV05TLmRhdGFPEQHuAAAAAAHuAAIAAAVVc2VycwAAAAAAAAAAAAAAAAAAAAAAAAAAAADQL5+ESCsAAAAX3ikYQm9icm93MTk2NC1QaERUaGVzaXMucGRmAAAAAAAAAAAAAAAAAAAAAAAAAAAAAAAAAAAAAAAAAAAAAAAAAAAAAB2C1dA09U0AAAAAAAAAAAABAAMAAAkAAAAAAAAAAAAAAAAAAAAAC1JlZmVyZW5jaWFzAAAQAAgAANAvg2QAAAARAAgAANA02S0AAAABABQAF94pABfeIQAX3aQAFr4gAAAAcAACAF9Vc2Vyczp0ZXJyZXg6AFByb2plY3RzOgBwZmMtc2VudC1hbmFsLW1vdmllLXJldjoAbWVtb3JpYToAUmVmZXJlbmNpYXM6AEJvYnJvdzE5NjQtUGhEVGhlc2lzLnBkZgAADgAyABgAQgBvAGIAcgBvAHcAMQA5ADYANAAtAFAAaABEAFQAaABlAHMAaQBzAC4AcABkAGYADwAMAAUAVQBzAGUAcgBzABIAVS90ZXJyZXgvUHJvamVjdHMvcGZjLXNlbnQtYW5hbC1tb3ZpZS1yZXYvbWVtb3JpYS9SZWZlcmVuY2lhcy9Cb2Jyb3cxOTY0LVBoRFRoZXNpcy5wZGYAABMABi9Vc2VycwAVAAIADf//AACABtIbHB0eWiRjbGFzc25hbWVYJGNsYXNzZXNdTlNNdXRhYmxlRGF0YaMdHyBWTlNEYXRhWE5TT2JqZWN00hscIiNcTlNEaWN0aW9uYXJ5oiIgXxAPTlNLZXllZEFyY2hpdmVy0SYnVHJvb3SAAQAIABEAGgAjAC0AMgA3AEAARgBNAFUAYABnAGoAbABuAHEAcwB1AHcAhACOALUAugDCArQCtgK7AsYCzwLdAuEC6ALxAvYDAwMGAxgDGwMgAAAAAAAAAgEAAAAAAAAAKAAAAAAAAAAAAAAAAAAAAyI=},
	Bdsk-Url-1 = {http://hdl.handle.net/1721.1/5922}}

@article{Domingos2012,
	Abstract = {MACHINE LEARNING SYSTEMS automatically learn programs from data. This is often a very attractive alternative to manually constructing them, and in the last decade the use of machine learning has spread rapidly throughout computer science and beyond. Machine learning is used in Web search, spam filters, recommender systems, ad placement, credit scoring, fraud detection, stock trading, drug design, and many other applications. A recent report from the McKinsey Global Institute asserts that machine learning (a.k.a. data mining or predictive analytics) will be the driver of the next big wave of innovation. Several fine textbooks are available to interested practitioners and researchers (for example, Mitchell and Witten et al.). However, much of the ``folk knowledge'' that is needed to successfully develop machine learning applications is not readily available in them. As a result, many machine learning projects take much longer than necessary or wind up producing less-than-ideal results. Yet much of this folk knowledge is fairly easy to communicate. This is the purpose of this article.},
	Author = {Domingos, Pedro},
	Date-Added = {2014-09-10 16:24:30 +0000},
	Date-Modified = {2014-09-11 17:00:41 +0000},
	Doi = {10.1145/2347736.2347755},
	Isbn = {0001-0782},
	Issn = {00010782},
	Journal = {Communications of the ACM},
	Month = oct,
	Number = {10},
	Pages = {78},
	Title = {{A few useful things to know about machine learning}},
	Url = {http://dl.acm.org/citation.cfm?doid=2347736.2347755},
	Urldate = {2014-11-09},
	Volume = {55},
	Year = {2012},
	Bdsk-File-1 = {YnBsaXN0MDDUAQIDBAUGJCVYJHZlcnNpb25YJG9iamVjdHNZJGFyY2hpdmVyVCR0b3ASAAGGoKgHCBMUFRYaIVUkbnVsbNMJCgsMDxJXTlMua2V5c1pOUy5vYmplY3RzViRjbGFzc6INDoACgAOiEBGABIAFgAdccmVsYXRpdmVQYXRoWWFsaWFzRGF0YV8QKVJlZmVyZW5jaWFzL0RvbWluZ29zMjAxMi1Vc2Z1bFRoaW5nTUwucGRm0hcLGBlXTlMuZGF0YU8RAgAAAAAAAgAAAgAABVVzZXJzAAAAAAAAAAAAAAAAAAAAAAAAAAAAANAvn4RIKwAAABfeKR1Eb21pbmdvczIwMTItVXNmdWxUaGluZ01MLnBkZgAAAAAAAAAAAAAAAAAAAAAAAAAAAAAAAAAAAAAAAAAAAAAAXZ3j0DT1ygAAAAAAAAAAAAEAAwAACQAAAAAAAAAAAAAAAAAAAAALUmVmZXJlbmNpYXMAABAACAAA0C+DZAAAABEACAAA0DTZqgAAAAEAFAAX3ikAF94hABfdpAAWviAAAABwAAIAZFVzZXJzOnRlcnJleDoAUHJvamVjdHM6AHBmYy1zZW50LWFuYWwtbW92aWUtcmV2OgBtZW1vcmlhOgBSZWZlcmVuY2lhczoARG9taW5nb3MyMDEyLVVzZnVsVGhpbmdNTC5wZGYADgA8AB0ARABvAG0AaQBuAGcAbwBzADIAMAAxADIALQBVAHMAZgB1AGwAVABoAGkAbgBnAE0ATAAuAHAAZABmAA8ADAAFAFUAcwBlAHIAcwASAFovdGVycmV4L1Byb2plY3RzL3BmYy1zZW50LWFuYWwtbW92aWUtcmV2L21lbW9yaWEvUmVmZXJlbmNpYXMvRG9taW5nb3MyMDEyLVVzZnVsVGhpbmdNTC5wZGYAEwAGL1VzZXJzABUAAgAN//8AAIAG0hscHR5aJGNsYXNzbmFtZVgkY2xhc3Nlc11OU011dGFibGVEYXRhox0fIFZOU0RhdGFYTlNPYmplY3TSGxwiI1xOU0RpY3Rpb25hcnmiIiBfEA9OU0tleWVkQXJjaGl2ZXLRJidUcm9vdIABAAgAEQAaACMALQAyADcAQABGAE0AVQBgAGcAagBsAG4AcQBzAHUAdwCEAI4AugC/AMcCywLNAtIC3QLmAvQC+AL/AwgDDQMaAx0DLwMyAzcAAAAAAAACAQAAAAAAAAAoAAAAAAAAAAAAAAAAAAADOQ==},
	Bdsk-File-2 = {YnBsaXN0MDDUAQIDBAUGJCVYJHZlcnNpb25YJG9iamVjdHNZJGFyY2hpdmVyVCR0b3ASAAGGoKgHCBMUFRYaIVUkbnVsbNMJCgsMDxJXTlMua2V5c1pOUy5vYmplY3RzViRjbGFzc6INDoACgAOiEBGABIAFgAdccmVsYXRpdmVQYXRoWWFsaWFzRGF0YV8QLVJlZmVyZW5jaWFzL0RvbWluZ29zMjAxMi1Vc2Z1bFRoaW5nTUwtUHViLnBkZtIXCxgZV05TLmRhdGFPEQIOAAAAAAIOAAIAAAVVc2VycwAAAAAAAAAAAAAAAAAAAAAAAAAAAADQL5+ESCsAAAAX3ikfRG9taW5nb3MyMDEyLVVzZnVsVGgjMURGNjhELnBkZgAAAAAAAAAAAAAAAAAAAAAAAAAAAAAAAAAAAAAAAAAAAB32jdA2R14AAAAAAAAAAAABAAMAAAkAAAAAAAAAAAAAAAAAAAAAC1JlZmVyZW5jaWFzAAAQAAgAANAvg2QAAAARAAgAANA2Kz4AAAABABQAF94pABfeIQAX3aQAFr4gAAAAcAACAGZVc2Vyczp0ZXJyZXg6AFByb2plY3RzOgBwZmMtc2VudC1hbmFsLW1vdmllLXJldjoAbWVtb3JpYToAUmVmZXJlbmNpYXM6AERvbWluZ29zMjAxMi1Vc2Z1bFRoIzFERjY4RC5wZGYADgBEACEARABvAG0AaQBuAGcAbwBzADIAMAAxADIALQBVAHMAZgB1AGwAVABoAGkAbgBnAE0ATAAtAFAAdQBiAC4AcABkAGYADwAMAAUAVQBzAGUAcgBzABIAXi90ZXJyZXgvUHJvamVjdHMvcGZjLXNlbnQtYW5hbC1tb3ZpZS1yZXYvbWVtb3JpYS9SZWZlcmVuY2lhcy9Eb21pbmdvczIwMTItVXNmdWxUaGluZ01MLVB1Yi5wZGYAEwAGL1VzZXJzABUAAgAN//8AAIAG0hscHR5aJGNsYXNzbmFtZVgkY2xhc3Nlc11OU011dGFibGVEYXRhox0fIFZOU0RhdGFYTlNPYmplY3TSGxwiI1xOU0RpY3Rpb25hcnmiIiBfEA9OU0tleWVkQXJjaGl2ZXLRJidUcm9vdIABAAgAEQAaACMALQAyADcAQABGAE0AVQBgAGcAagBsAG4AcQBzAHUAdwCEAI4AvgDDAMsC3QLfAuQC7wL4AwYDCgMRAxoDHwMsAy8DQQNEA0kAAAAAAAACAQAAAAAAAAAoAAAAAAAAAAAAAAAAAAADSw==},
	Bdsk-Url-1 = {http://dl.acm.org/citation.cfm?doid=2347736.2347755},
	Bdsk-Url-2 = {http://dx.doi.org/10.1145/2347736.2347755}}

@book{Manning2008,
	Abstract = {Introduction to Information Retrieval is the first textbook with a coherent treatment of classical and web information retrieval, including web search and the related areas of text classification and text clustering. Written from a computer science perspective, it gives an up-to-date treatment of all aspects of the design and implementation of systems for gathering, indexing, and searching documents; methods for evaluating systems; and an introduction to the use of machine learning methods on text collections. Designed as the primary text for a graduate or advanced undergraduate course in information retrieval, the book will also interest researchers and professionals. A complete set of lecture slides and exercises that accompany the book are available on the web.},
	Author = {Manning, Christopher D and Raghavan, Prabhakar and Sch\"{u}tze, Hinrich},
	Booktitle = {Journal of the American Society for Information Science and Technology},
	Date-Added = {2014-09-10 16:12:46 +0000},
	Date-Modified = {2014-09-11 17:00:58 +0000},
	Doi = {10.1002/asi.21234},
	Isbn = {0521865719},
	Issn = {15322890},
	Pages = {496},
	Pmid = {12049181},
	Title = {{Introduction to Information Retrieval}},
	Url = {http://nlp.stanford.edu/IR-book/information-retrieval-book.html},
	Urldate = {2014-11-09},
	Volume = {1},
	Year = {2008},
	Bdsk-File-1 = {YnBsaXN0MDDUAQIDBAUGJCVYJHZlcnNpb25YJG9iamVjdHNZJGFyY2hpdmVyVCR0b3ASAAGGoKgHCBMUFRYaIVUkbnVsbNMJCgsMDxJXTlMua2V5c1pOUy5vYmplY3RzViRjbGFzc6INDoACgAOiEBGABIAFgAdccmVsYXRpdmVQYXRoWWFsaWFzRGF0YV8QKVJlZmVyZW5jaWFzL01hbm5pbmcyMDA4LUluZm9SZXRyaWV2YWwucGRm0hcLGBlXTlMuZGF0YU8RAgAAAAAAAgAAAgAABVVzZXJzAAAAAAAAAAAAAAAAAAAAAAAAAAAAANAvn4RIKwAAABfeKR1NYW5uaW5nMjAwOC1JbmZvUmV0cmlldmFsLnBkZgAAAAAAAAAAAAAAAAAAAAAAAAAAAAAAAAAAAAAAAAAAAAAAHZRd0DUezQAAAAAAAAAAAAEAAwAACQAAAAAAAAAAAAAAAAAAAAALUmVmZXJlbmNpYXMAABAACAAA0C+DZAAAABEACAAA0DUCrQAAAAEAFAAX3ikAF94hABfdpAAWviAAAABwAAIAZFVzZXJzOnRlcnJleDoAUHJvamVjdHM6AHBmYy1zZW50LWFuYWwtbW92aWUtcmV2OgBtZW1vcmlhOgBSZWZlcmVuY2lhczoATWFubmluZzIwMDgtSW5mb1JldHJpZXZhbC5wZGYADgA8AB0ATQBhAG4AbgBpAG4AZwAyADAAMAA4AC0ASQBuAGYAbwBSAGUAdAByAGkAZQB2AGEAbAAuAHAAZABmAA8ADAAFAFUAcwBlAHIAcwASAFovdGVycmV4L1Byb2plY3RzL3BmYy1zZW50LWFuYWwtbW92aWUtcmV2L21lbW9yaWEvUmVmZXJlbmNpYXMvTWFubmluZzIwMDgtSW5mb1JldHJpZXZhbC5wZGYAEwAGL1VzZXJzABUAAgAN//8AAIAG0hscHR5aJGNsYXNzbmFtZVgkY2xhc3Nlc11OU011dGFibGVEYXRhox0fIFZOU0RhdGFYTlNPYmplY3TSGxwiI1xOU0RpY3Rpb25hcnmiIiBfEA9OU0tleWVkQXJjaGl2ZXLRJidUcm9vdIABAAgAEQAaACMALQAyADcAQABGAE0AVQBgAGcAagBsAG4AcQBzAHUAdwCEAI4AugC/AMcCywLNAtIC3QLmAvQC+AL/AwgDDQMaAx0DLwMyAzcAAAAAAAACAQAAAAAAAAAoAAAAAAAAAAAAAAAAAAADOQ==},
	Bdsk-Url-1 = {http://nlp.stanford.edu/IR-book/information-retrieval-book.html},
	Bdsk-Url-2 = {http://dx.doi.org/10.1002/asi.21234}}

@electronic{wikipedia:bigdata,
	Author = {Wikipedia},
	Date-Added = {2014-09-10 14:49:59 +0000},
	Date-Modified = {2014-09-11 16:54:10 +0000},
	Title = {Big data},
	Url = {http://en.wikipedia.org/wiki/Big_data},
	Urldate = {2014-11-09},
	Bdsk-Url-1 = {http://en.wikipedia.org/wiki/Big_data}}

@electronic{streamhacker,
	Author = {Jacob Perkins},
	Date-Added = {2014-09-09 15:57:09 +0000},
	Date-Modified = {2014-09-11 16:54:22 +0000},
	Title = {Python NLTK Natural Language Processing | StreamHacker},
	Url = {http://streamhacker.com/},
	Urldate = {2014-11-09},
	Bdsk-Url-1 = {http://streamhacker.com/}}

@inproceedings{Socher2013,
	Abstract = {Semantic word spaces have been very useful but cannot express the meaning of longer phrases in a principled way. Further progress towards understanding compositionality in tasks such as sentiment detection requires richer supervised training and evaluation resources and more powerful models of composition. To remedy this, we introduce a Sentiment Treebank. It includes fine grained sentiment labels for 215,154 phrases in the parse trees of 11,855 sentences and presents new challenges for sentiment compositionality. To address them, we introduce the Recursive Neural Tensor Network. When trained on the new treebank, this model outperforms all previous methods on several metrics. It pushes the state of the art in single sentence positive/negative classification from 80\% up to 85.4\%. The accuracy of predicting fine-grained sentiment labels for all phrases reaches 80.7\%, an improvement of 9.7\% over bag of features baselines. Lastly, it is the only model that can accurately capture the effects of negation and its scope at various tree levels for both positive and negative phrases.},
	Address = {Seattle, Washington, USA},
	Author = {Richard Socher and Alex Perelygin and Jean Y. Wu and Jason Chuang and Christopher D. Manning and Andrew Y. Ng and Christopher Potts},
	Booktitle = {Proceedings of the 2013 Conference on Empirical Methods in Natural Language Processing},
	Date-Added = {2014-09-02 16:39:01 +0000},
	Date-Modified = {2014-10-02 14:09:06 +0000},
	Month = {October},
	Organization = {Association for Computational Linguistics},
	Pages = {1631--1642},
	Series = {EMNLP '13},
	Title = {Recursive Deep Models for Semantic Compositionality Over a Sentiment Treebank},
	Url = {http://nlp.stanford.edu/~socherr/EMNLP2013_RNTN.pdf},
	Urldate = {2014-11-09},
	Year = {2013},
	Bdsk-File-1 = {YnBsaXN0MDDUAQIDBAUGJCVYJHZlcnNpb25YJG9iamVjdHNZJGFyY2hpdmVyVCR0b3ASAAGGoKgHCBMUFRYaIVUkbnVsbNMJCgsMDxJXTlMua2V5c1pOUy5vYmplY3RzViRjbGFzc6INDoACgAOiEBGABIAFgAdccmVsYXRpdmVQYXRoWWFsaWFzRGF0YV8QLlJlZmVyZW5jaWFzL1NvY2hlcjIwMTMtUmVjRGVlcE1vZGVsc1NlbnRUQi5wZGbSFwsYGVdOUy5kYXRhTxECEgAAAAACEgACAAAFVXNlcnMAAAAAAAAAAAAAAAAAAAAAAAAAAAAA0C+fhEgrAAAAF94pH1NvY2hlcjIwMTMtUmVjRGVlcE1vIzFFNjM1Ni5wZGYAAAAAAAAAAAAAAAAAAAAAAAAAAAAAAAAAAAAAAAAAAAAeY1bQK8AQAAAAAAAAAAAAAQADAAAJAAAAAAAAAAAAAAAAAAAAAAtSZWZlcmVuY2lhcwAAEAAIAADQL4NkAAAAEQAIAADQK6PwAAAAAQAUABfeKQAX3iEAF92kABa+IAAAAHAAAgBmVXNlcnM6dGVycmV4OgBQcm9qZWN0czoAcGZjLXNlbnQtYW5hbC1tb3ZpZS1yZXY6AG1lbW9yaWE6AFJlZmVyZW5jaWFzOgBTb2NoZXIyMDEzLVJlY0RlZXBNbyMxRTYzNTYucGRmAA4ARgAiAFMAbwBjAGgAZQByADIAMAAxADMALQBSAGUAYwBEAGUAZQBwAE0AbwBkAGUAbABzAFMAZQBuAHQAVABCAC4AcABkAGYADwAMAAUAVQBzAGUAcgBzABIAXy90ZXJyZXgvUHJvamVjdHMvcGZjLXNlbnQtYW5hbC1tb3ZpZS1yZXYvbWVtb3JpYS9SZWZlcmVuY2lhcy9Tb2NoZXIyMDEzLVJlY0RlZXBNb2RlbHNTZW50VEIucGRmAAATAAYvVXNlcnMAFQACAA3//wAAgAbSGxwdHlokY2xhc3NuYW1lWCRjbGFzc2VzXU5TTXV0YWJsZURhdGGjHR8gVk5TRGF0YVhOU09iamVjdNIbHCIjXE5TRGljdGlvbmFyeaIiIF8QD05TS2V5ZWRBcmNoaXZlctEmJ1Ryb290gAEACAARABoAIwAtADIANwBAAEYATQBVAGAAZwBqAGwAbgBxAHMAdQB3AIQAjgC/AMQAzALiAuQC6QL0Av0DCwMPAxYDHwMkAzEDNANGA0kDTgAAAAAAAAIBAAAAAAAAACgAAAAAAAAAAAAAAAAAAANQ},
	Bdsk-Url-1 = {http://nlp.stanford.edu/~socherr/EMNLP2013_RNTN.pdf},
	Bdsk-Url-2 = {http://nlp.stanford.edu/sentiment/},
	Bdsk-Url-3 = {http://www.aclweb.org/anthology/D13-1170}}

@electronic{standforparser,
	Author = {{The Stanford Natural Language Processing Group}},
	Date-Added = {2014-09-02 16:34:15 +0000},
	Date-Modified = {2014-09-11 16:54:25 +0000},
	Title = {The Stanford Parser: A statistical parser},
	Url = {http://nlp.stanford.edu/software/lex-parser.shtml},
	Urldate = {2014-11-09},
	Bdsk-Url-1 = {http://nlp.stanford.edu/software/lex-parser.shtml}}

@inproceedings{Pang2002,
	Abstract = {We consider the problem of classifying documents not by topic, but by overall sentiment, e.g., determining whether a review is positive or negative. Using movie reviews as data, we find that standard machine learning techniques definitively outperform human-produced baselines. However, the three machine learning methods we employed (Naive Bayes, maximum entropy classification, and support vector machines) do not perform as well on sentiment classification as on traditional topic-based categorization. We conclude by examining factors that make the sentiment classification problem more challenging.},
	Address = {Morristown, NJ, USA},
	Author = {Bo Pang and Lillian Lee and Shivakumar Vaithyanathan},
	Booktitle = {Proceedings of the ACL-02 conference on Empirical Methods in Natural Language Processing - EMNLP '02},
	Date-Modified = {2014-11-17 16:03:20 +0000},
	Doi = {10.3115/1118693.1118704},
	Pages = {79--86},
	Publisher = {Association for Computational Linguistics},
	Title = {Thumbs Up? Sentiment Classification Using Machine Learning Techniques},
	Url = {http://www.cs.cornell.edu/home/llee/papers/sentiment.pdf},
	Urldate = {2014-11-17},
	Year = {2002},
	Bdsk-File-1 = {YnBsaXN0MDDUAQIDBAUGJCVYJHZlcnNpb25YJG9iamVjdHNZJGFyY2hpdmVyVCR0b3ASAAGGoKgHCBMUFRYaIVUkbnVsbNMJCgsMDxJXTlMua2V5c1pOUy5vYmplY3RzViRjbGFzc6INDoACgAOiEBGABIAFgAdccmVsYXRpdmVQYXRoWWFsaWFzRGF0YV8QJFJlZmVyZW5jaWFzL1BhbmcyMDAyLVNlbnRDbGFzc2lmLnBkZtIXCxgZV05TLmRhdGFPEQHuAAAAAAHuAAIAAAVVc2VycwAAAAAAAAAAAAAAAAAAAAAAAAAAAADQL5+ESCsAAAAX3ikYUGFuZzIwMDItU2VudENsYXNzaWYucGRmAAAAAAAAAAAAAAAAAAAAAAAAAAAAAAAAAAAAAAAAAAAAAAAAAAAAAF99JdCP2vcAAAAAAAAAAAABAAMAAAkAAAAAAAAAAAAAAAAAAAAAC1JlZmVyZW5jaWFzAAAQAAgAANAvg2QAAAARAAgAANCPzOcAAAABABQAF94pABfeIQAX3aQAFr4gAAAAcAACAF9Vc2Vyczp0ZXJyZXg6AFByb2plY3RzOgBwZmMtc2VudC1hbmFsLW1vdmllLXJldjoAbWVtb3JpYToAUmVmZXJlbmNpYXM6AFBhbmcyMDAyLVNlbnRDbGFzc2lmLnBkZgAADgAyABgAUABhAG4AZwAyADAAMAAyAC0AUwBlAG4AdABDAGwAYQBzAHMAaQBmAC4AcABkAGYADwAMAAUAVQBzAGUAcgBzABIAVS90ZXJyZXgvUHJvamVjdHMvcGZjLXNlbnQtYW5hbC1tb3ZpZS1yZXYvbWVtb3JpYS9SZWZlcmVuY2lhcy9QYW5nMjAwMi1TZW50Q2xhc3NpZi5wZGYAABMABi9Vc2VycwAVAAIADf//AACABtIbHB0eWiRjbGFzc25hbWVYJGNsYXNzZXNdTlNNdXRhYmxlRGF0YaMdHyBWTlNEYXRhWE5TT2JqZWN00hscIiNcTlNEaWN0aW9uYXJ5oiIgXxAPTlNLZXllZEFyY2hpdmVy0SYnVHJvb3SAAQAIABEAGgAjAC0AMgA3AEAARgBNAFUAYABnAGoAbABuAHEAcwB1AHcAhACOALUAugDCArQCtgK7AsYCzwLdAuEC6ALxAvYDAwMGAxgDGwMgAAAAAAAAAgEAAAAAAAAAKAAAAAAAAAAAAAAAAAAAAyI=},
	Bdsk-Url-1 = {http://dl.acm.org/citation.cfm?id=1118704}}

@inproceedings{Pang2004,
	Abstract = {Sentiment analysis seeks to identify the viewpoint(s) underlying a text span; an example application is classifying a movie review as ``thumbs up'' or ``thumbs down''. To determine this sentiment polarity, we propose a novel machine-learning method that applies text-categorization techniques to just the subjective portions of the document. Extracting these portions can be implemented using efficient techniques for finding minimum cuts in graphs; this greatly facilitates incorporation of cross-sentence contextual constraints.},
	Address = {Morristown, NJ, USA},
	Author = {Bo Pang and Lillian Lee},
	Biburl = {http://www.bibsonomy.org/bibtex/20b6f267021dde9c3181e88c5100a7552/renew},
	Booktitle = {ACL '04: Proceedings of the 42nd Annual Meeting on Association for Computational Linguistics},
	Date-Modified = {2014-11-17 16:20:37 +0000},
	Doi = {10.3115/1218955.1218990},
	Interhash = {bdbece23b14cf5689242ba3b6a77408f},
	Intrahash = {0b6f267021dde9c3181e88c5100a7552},
	Keywords = {analysis; sentiment},
	Location = {Barcelona, Spain},
	Organization = {Association for Computational Linguistics},
	Pages = {271--278},
	Publisher = {Association for Computational Linguistics},
	Title = {A Sentimental Education: Sentiment Analysis Using Subjectivity Summarization Based on Minimum Cuts},
	Url = {http://arxiv.org/pdf/cs.CL/0409058.pdf},
	Urldate = {2014-11-17},
	Year = {2004},
	Bdsk-File-1 = {YnBsaXN0MDDUAQIDBAUGJCVYJHZlcnNpb25YJG9iamVjdHNZJGFyY2hpdmVyVCR0b3ASAAGGoKgHCBMUFRYaIVUkbnVsbNMJCgsMDxJXTlMua2V5c1pOUy5vYmplY3RzViRjbGFzc6INDoACgAOiEBGABIAFgAdccmVsYXRpdmVQYXRoWWFsaWFzRGF0YV8QJ1JlZmVyZW5jaWFzL1BhbmcyMDA0LU1pbmltdW5DdXRTZW50LnBkZtIXCxgZV05TLmRhdGFPEQH4AAAAAAH4AAIAAAVVc2VycwAAAAAAAAAAAAAAAAAAAAAAAAAAAADQL5+ESCsAAAAX3ikbUGFuZzIwMDQtTWluaW11bkN1dFNlbnQucGRmAAAAAAAAAAAAAAAAAAAAAAAAAAAAAAAAAAAAAAAAAAAAAAAAABfeUc9psHwAAAAAAAAAAAABAAMAAAkAAAAAAAAAAAAAAAAAAAAAC1JlZmVyZW5jaWFzAAAQAAgAANAvg2QAAAARAAgAAM9plFwAAAABABQAF94pABfeIQAX3aQAFr4gAAAAcAACAGJVc2Vyczp0ZXJyZXg6AFByb2plY3RzOgBwZmMtc2VudC1hbmFsLW1vdmllLXJldjoAbWVtb3JpYToAUmVmZXJlbmNpYXM6AFBhbmcyMDA0LU1pbmltdW5DdXRTZW50LnBkZgAOADgAGwBQAGEAbgBnADIAMAAwADQALQBNAGkAbgBpAG0AdQBuAEMAdQB0AFMAZQBuAHQALgBwAGQAZgAPAAwABQBVAHMAZQByAHMAEgBYL3RlcnJleC9Qcm9qZWN0cy9wZmMtc2VudC1hbmFsLW1vdmllLXJldi9tZW1vcmlhL1JlZmVyZW5jaWFzL1BhbmcyMDA0LU1pbmltdW5DdXRTZW50LnBkZgATAAYvVXNlcnMAFQACAA3//wAAgAbSGxwdHlokY2xhc3NuYW1lWCRjbGFzc2VzXU5TTXV0YWJsZURhdGGjHR8gVk5TRGF0YVhOU09iamVjdNIbHCIjXE5TRGljdGlvbmFyeaIiIF8QD05TS2V5ZWRBcmNoaXZlctEmJ1Ryb290gAEACAARABoAIwAtADIANwBAAEYATQBVAGAAZwBqAGwAbgBxAHMAdQB3AIQAjgC4AL0AxQLBAsMCyALTAtwC6gLuAvUC/gMDAxADEwMlAygDLQAAAAAAAAIBAAAAAAAAACgAAAAAAAAAAAAAAAAAAAMv},
	Bdsk-Url-1 = {http://arxiv.org/pdf/cs.CL/0409058.pdf},
	Bdsk-Url-2 = {http://dl.acm.org/citation.cfm?id=1218990}}

@inproceedings{Pang2005,
	Abstract = {We address the rating-inference problem, wherein rather than simply decide whether a review is ``thumbs up'' or ``thumbs down'', as in previous sentiment analysis work, one must determine an author's evaluation with respect to a multi-point scale (e.g., one to five ``stars''). This task represents an interesting twist on standard multi-class text categorization because there are several different degrees of similarity between class labels; for example, ``three stars'' is intuitively closer to ``four stars'' than to ``one star''.

We first evaluate human performance at the task. Then, we apply a meta-algorithm, based on a metric labeling formulation of the problem, that alters a given n-ary classifier's output in an explicit attempt to ensure that similar items receive similar labels. We show that the meta-algorithm can provide significant improvements over both multi-class and regression versions of SVMs when we employ a novel similarity measure appropriate to the problem.},
	Author = {Bo Pang and Lillian Lee},
	Booktitle = {Proceedings of ACL},
	Date-Modified = {2014-11-17 16:20:25 +0000},
	Keywords = {analysis; mining; opinion; sentiment},
	Pages = {115--124},
	Title = {Seeing Stars: Exploiting Class Relationships For Sentiment Categorization With Respect To Rating Scales},
	Url = {http://dl.acm.org/citation.cfm?id=1219855},
	Urldate = {2014-09-29},
	Year = {2005},
	Bdsk-File-1 = {YnBsaXN0MDDUAQIDBAUGJCVYJHZlcnNpb25YJG9iamVjdHNZJGFyY2hpdmVyVCR0b3ASAAGGoKgHCBMUFRYaIVUkbnVsbNMJCgsMDxJXTlMua2V5c1pOUy5vYmplY3RzViRjbGFzc6INDoACgAOiEBGABIAFgAdccmVsYXRpdmVQYXRoWWFsaWFzRGF0YV8QHlJlZmVyZW5jaWFzL1BhbmcyMDA1LVN0YXJzLnBkZtIXCxgZV05TLmRhdGFPEQHWAAAAAAHWAAIAAAVVc2VycwAAAAAAAAAAAAAAAAAAAAAAAAAAAADQL5+ESCsAAAAX3ikSUGFuZzIwMDUtU3RhcnMucGRmAAAAAAAAAAAAAAAAAAAAAAAAAAAAAAAAAAAAAAAAAAAAAAAAAAAAAAAAAAAAABfeUs9psIMAAAAAAAAAAAABAAMAAAkAAAAAAAAAAAAAAAAAAAAAC1JlZmVyZW5jaWFzAAAQAAgAANAvg2QAAAARAAgAAM9plGMAAAABABQAF94pABfeIQAX3aQAFr4gAAAAcAACAFlVc2Vyczp0ZXJyZXg6AFByb2plY3RzOgBwZmMtc2VudC1hbmFsLW1vdmllLXJldjoAbWVtb3JpYToAUmVmZXJlbmNpYXM6AFBhbmcyMDA1LVN0YXJzLnBkZgAADgAmABIAUABhAG4AZwAyADAAMAA1AC0AUwB0AGEAcgBzAC4AcABkAGYADwAMAAUAVQBzAGUAcgBzABIATy90ZXJyZXgvUHJvamVjdHMvcGZjLXNlbnQtYW5hbC1tb3ZpZS1yZXYvbWVtb3JpYS9SZWZlcmVuY2lhcy9QYW5nMjAwNS1TdGFycy5wZGYAABMABi9Vc2VycwAVAAIADf//AACABtIbHB0eWiRjbGFzc25hbWVYJGNsYXNzZXNdTlNNdXRhYmxlRGF0YaMdHyBWTlNEYXRhWE5TT2JqZWN00hscIiNcTlNEaWN0aW9uYXJ5oiIgXxAPTlNLZXllZEFyY2hpdmVy0SYnVHJvb3SAAQAIABEAGgAjAC0AMgA3AEAARgBNAFUAYABnAGoAbABuAHEAcwB1AHcAhACOAK8AtAC8ApYCmAKdAqgCsQK/AsMCygLTAtgC5QLoAvoC/QMCAAAAAAAAAgEAAAAAAAAAKAAAAAAAAAAAAAAAAAAAAwQ=},
	Bdsk-Url-1 = {http://dl.acm.org/citation.cfm?id=1219855}}

@book{Perkins2010,
	Abstract = {Text Processing in Python describes techniques for manipulation of text using the Python programming language. At the broadest level, text processing is simply taking textual information and doing something with it. This might be restructuring or reformatting it, extracting smaller bits of information from it, or performing calculations that depend on the text. Text processing is arguably what most programmers spend most of their time doing. Because Python is clear, expressive, and object-oriented it is a perfect language for doing text processing, even better than Perl. As the amount of data everywhere continues to increase, this is more and more of a challenge for programmers. This book is not a tutorial on Python. It has two other goals: helping the programmer get the job done pragmatically and efficiently; and giving the reader an understanding - both theoretically and conceptually - of why what works and what doesnt work doesnt work. Mertz provides practical pointers and tips that emphasize efficient, flexible, and maintainable approaches to the text processing tasks that working programmers face daily.},
	Author = {Jacob Perkins},
	Booktitle = {Python},
	Date-Modified = {2014-11-17 16:30:46 +0000},
	Isbn = {9781849513609},
	Pages = {544},
	Publisher = {Packt Publishing Ltd},
	Title = {Python Text Processing with NLTK 2.0 Cookbook},
	Year = {2010},
	Bdsk-File-1 = {YnBsaXN0MDDUAQIDBAUGJCVYJHZlcnNpb25YJG9iamVjdHNZJGFyY2hpdmVyVCR0b3ASAAGGoKgHCBMUFRYaIVUkbnVsbNMJCgsMDxJXTlMua2V5c1pOUy5vYmplY3RzViRjbGFzc6INDoACgAOiEBGABIAFgAdccmVsYXRpdmVQYXRoWWFsaWFzRGF0YV8QKVJlZmVyZW5jaWFzL1BlcmtpbnMyMDEwLU5MVEsyQ29va2Jvb2sucGRm0hcLGBlXTlMuZGF0YU8RAgAAAAAAAgAAAgAABVVzZXJzAAAAAAAAAAAAAAAAAAAAAAAAAAAAANAvn4RIKwAAABfeKR1QZXJraW5zMjAxMC1OTFRLMkNvb2tib29rLnBkZgAAAAAAAAAAAAAAAAAAAAAAAAAAAAAAAAAAAAAAAAAAAAAAF95Tz5F2AQAAAAAAAAAAAAEAAwAACQAAAAAAAAAAAAAAAAAAAAALUmVmZXJlbmNpYXMAABAACAAA0C+DZAAAABEACAAAz5FZ4QAAAAEAFAAX3ikAF94hABfdpAAWviAAAABwAAIAZFVzZXJzOnRlcnJleDoAUHJvamVjdHM6AHBmYy1zZW50LWFuYWwtbW92aWUtcmV2OgBtZW1vcmlhOgBSZWZlcmVuY2lhczoAUGVya2luczIwMTAtTkxUSzJDb29rYm9vay5wZGYADgA8AB0AUABlAHIAawBpAG4AcwAyADAAMQAwAC0ATgBMAFQASwAyAEMAbwBvAGsAYgBvAG8AawAuAHAAZABmAA8ADAAFAFUAcwBlAHIAcwASAFovdGVycmV4L1Byb2plY3RzL3BmYy1zZW50LWFuYWwtbW92aWUtcmV2L21lbW9yaWEvUmVmZXJlbmNpYXMvUGVya2luczIwMTAtTkxUSzJDb29rYm9vay5wZGYAEwAGL1VzZXJzABUAAgAN//8AAIAG0hscHR5aJGNsYXNzbmFtZVgkY2xhc3Nlc11OU011dGFibGVEYXRhox0fIFZOU0RhdGFYTlNPYmplY3TSGxwiI1xOU0RpY3Rpb25hcnmiIiBfEA9OU0tleWVkQXJjaGl2ZXLRJidUcm9vdIABAAgAEQAaACMALQAyADcAQABGAE0AVQBgAGcAagBsAG4AcQBzAHUAdwCEAI4AugC/AMcCywLNAtIC3QLmAvQC+AL/AwgDDQMaAx0DLwMyAzcAAAAAAAACAQAAAAAAAAAoAAAAAAAAAAAAAAAAAAADOQ==}}

@book{Bird2009,
	Abstract = {This book offers a highly accessible introduction to natural language processing, the field that supports a variety of language technologies, from predictive text and email filtering to automatic summarization and translation. With it, you'll learn how to write Python programs that work with large collections of unstructured text. You'll access richly annotated datasets using a comprehensive range of linguistic data structures, and you'll understand the main algorithms for analyzing the content and structure of written communication. Packed with examples and exercises, Natural Language Processing with Python will help you:Extract information from unstructured text, either to guess the topic or identify "named entities" Analyze linguistic structure in text, including parsing and semantic analysis Access popular linguistic databases, including WordNet and treebanks Integrate techniques drawn from fields as diverse as linguistics and artificial intelligence This book will help you gain practical skills in natural language processing using the Python programming language and the Natural Language Toolkit (NLTK) open source library. If you're interested in developing web applications, analyzing multilingual news sources, or documenting endangered languages - or if you're simply curious to have a programmer's perspective on how human language works - you'll find Natural Language Processing with Python both fascinating and immensely useful.},
	Author = {Steven Bird and Ewan Klein and Edward Loper},
	Booktitle = {Text},
	Date-Modified = {2014-09-11 16:59:28 +0000},
	Isbn = {9780596516499},
	Issn = {00992399},
	Pages = {479},
	Pmid = {12043876},
	Title = {{Natural Language Processing with Python}},
	Url = {http://www.nltk.org/book/},
	Urldate = {2014-11-09},
	Volume = {43},
	Year = {2009},
	Bdsk-File-1 = {YnBsaXN0MDDUAQIDBAUGJCVYJHZlcnNpb25YJG9iamVjdHNZJGFyY2hpdmVyVCR0b3ASAAGGoKgHCBMUFRYaIVUkbnVsbNMJCgsMDxJXTlMua2V5c1pOUy5vYmplY3RzViRjbGFzc6INDoACgAOiEBGABIAFgAdccmVsYXRpdmVQYXRoWWFsaWFzRGF0YV8QPFJlZmVyZW5jaWFzL0JpcmQyMDA5LU5hdHVyYWxMYW5ndWFnZVByb2Nlc3NpbmdXaXRoUHl0aG9uLnBkZtIXCxgZV05TLmRhdGFPEQI8AAAAAAI8AAIAAAVVc2VycwAAAAAAAAAAAAAAAAAAAAAAAAAAAADQL5+ESCsAAAAX3ikfQmlyZDIwMDktTmF0dXJhbExhbmcjNUY1NTY5LnBkZgAAAAAAAAAAAAAAAAAAAAAAAAAAAAAAAAAAAAAAAAAAAF9Vac+JVtwAAAAAAAAAAAABAAMAAAkAAAAAAAAAAAAAAAAAAAAAC1JlZmVyZW5jaWFzAAAQAAgAANAvg2QAAAARAAgAAM+JOrwAAAABABQAF94pABfeIQAX3aQAFr4gAAAAcAACAGZVc2Vyczp0ZXJyZXg6AFByb2plY3RzOgBwZmMtc2VudC1hbmFsLW1vdmllLXJldjoAbWVtb3JpYToAUmVmZXJlbmNpYXM6AEJpcmQyMDA5LU5hdHVyYWxMYW5nIzVGNTU2OS5wZGYADgBiADAAQgBpAHIAZAAyADAAMAA5AC0ATgBhAHQAdQByAGEAbABMAGEAbgBnAHUAYQBnAGUAUAByAG8AYwBlAHMAcwBpAG4AZwBXAGkAdABoAFAAeQB0AGgAbwBuAC4AcABkAGYADwAMAAUAVQBzAGUAcgBzABIAbS90ZXJyZXgvUHJvamVjdHMvcGZjLXNlbnQtYW5hbC1tb3ZpZS1yZXYvbWVtb3JpYS9SZWZlcmVuY2lhcy9CaXJkMjAwOS1OYXR1cmFsTGFuZ3VhZ2VQcm9jZXNzaW5nV2l0aFB5dGhvbi5wZGYAABMABi9Vc2VycwAVAAIADf//AACABtIbHB0eWiRjbGFzc25hbWVYJGNsYXNzZXNdTlNNdXRhYmxlRGF0YaMdHyBWTlNEYXRhWE5TT2JqZWN00hscIiNcTlNEaWN0aW9uYXJ5oiIgXxAPTlNLZXllZEFyY2hpdmVy0SYnVHJvb3SAAQAIABEAGgAjAC0AMgA3AEAARgBNAFUAYABnAGoAbABuAHEAcwB1AHcAhACOAM0A0gDaAxoDHAMhAywDNQNDA0cDTgNXA1wDaQNsA34DgQOGAAAAAAAAAgEAAAAAAAAAKAAAAAAAAAAAAAAAAAAAA4g=},
	Bdsk-Url-1 = {http://www.nltk.org/book/},
	Bdsk-Url-2 = {http://www.amazon.com/dp/0596516495}}

@comment{BibDesk Static Groups{
<?xml version="1.0" encoding="UTF-8"?>
<!DOCTYPE plist PUBLIC "-//Apple//DTD PLIST 1.0//EN" "http://www.apple.com/DTDs/PropertyList-1.0.dtd">
<plist version="1.0">
<array>
	<dict>
		<key>group name</key>
		<string>Most Interesting</string>
		<key>keys</key>
		<string>Socher2013,Gabrilovich2005</string>
	</dict>
</array>
</plist>
}}
